<record><leader>00000cas a22000007a 4500</leader><controlfield tag="001">10508622</controlfield><controlfield tag="008">840310d194019uunjuwr ne      0    0eng d</controlfield><datafield ind1=" " ind2=" " tag="010"><subfield code="a">sn 84026613 </subfield></datafield><datafield ind1=" " ind2=" " tag="040"><subfield code="a">NPU</subfield><subfield code="b">eng</subfield><subfield code="c">NPU</subfield><subfield code="d">NPA</subfield><subfield code="d">NJW</subfield><subfield code="d">DLC</subfield><subfield code="d">OCLCQ</subfield></datafield><datafield ind1=" " ind2=" " tag="042"><subfield code="a">msc</subfield></datafield><datafield ind1="0" ind2="0" tag="245"><subfield code="a">Ridgewood herald-news.</subfield></datafield><datafield ind1="3" ind2="0" tag="246"><subfield code="a">Sunday news</subfield></datafield><datafield ind1=" " ind2=" " tag="260"><subfield code="a">Ridgewood, N.J. :</subfield><subfield code="b">: Ridgewood News, Inc.</subfield></datafield><datafield ind1=" " ind2=" " tag="300"><subfield code="a">v. :</subfield><subfield code="b">ill. ;</subfield><subfield code="c">58 cm.</subfield></datafield><datafield ind1=" " ind2=" " tag="310"><subfield code="a">Weekly</subfield></datafield><datafield ind1="1" ind2=" " tag="362"><subfield code="a">Began Feb. 1, 1940?</subfield></datafield><datafield ind1=" " ind2=" " tag="500"><subfield code="a">Sunday issues called: Sunday news.</subfield></datafield><datafield ind1=" " ind2=" " tag="500"><subfield code="a">"Serving Northwest Bergen County."</subfield></datafield><datafield ind1=" " ind2=" " tag="580"><subfield code="a">Editions for circulation in other areas: Allendale argus (non-extant); Glen Rock record (non-extant); Midland Park post (non-extant). Cf. Direct. of N.J. newspapers.</subfield></datafield><datafield ind1=" " ind2=" " tag="580"><subfield code="a">Formed by the union of: Ridgewood herald, and: Ridgewood news. Cf. Direct. of N.J. newspapers / Wright &amp; Stellhorn.</subfield></datafield><datafield ind1=" " ind2=" " tag="588"><subfield code="a">Description based on: Year 60, no. 30 (July 28, 1949).</subfield></datafield><datafield ind1=" " ind2=" " tag="752"><subfield code="a">United States</subfield><subfield code="b">New Jersey</subfield><subfield code="c">Bergen</subfield><subfield code="d">Ridgewood.</subfield></datafield><datafield ind1="1" ind2=" " tag="775"><subfield code="t">Alendale argus</subfield></datafield><datafield ind1="1" ind2=" " tag="775"><subfield code="t">Glen Rock record</subfield></datafield><datafield ind1="1" ind2=" " tag="775"><subfield code="t">Midland Park post</subfield><subfield code="w">(DLC)sn 85035807</subfield></datafield><datafield ind1="1" ind2="4" tag="780"><subfield code="t">Ridgewood herald</subfield><subfield code="w">(DLC)sn 85035817</subfield></datafield><datafield ind1="1" ind2="4" tag="780"><subfield code="t">Ridgewood news</subfield><subfield code="w">(DLC)sn 90063087</subfield></datafield><datafield ind1="1" ind2=" " tag="029"><subfield code="a">AU@</subfield><subfield code="b">000025785478</subfield></datafield></record>